@misc{Colore,
  author = {M. Gruninger},
  title = {{COLORE} -- {C}ommon {L}ogic {Re}pository},
  note = {Available at \url{http://stl.mie.utoronto.ca/colore/}},
}
@misc{Colore-metadata,
  author = {M. Gruninger and others},
  title = {{COLORE} -- Metadata Definitions},
  note = {Available at \url{http://stl.mie.utoronto.ca/colore/metadata.html}},
}
@misc{iso24a,
  Key = {{ISO/IEC 24707:2007}},
  publisher = {{ISO, Geneva, Switzerland}},
  type = {{Norm}},
  title = {{Information technology -- Common Logic (CL): a framework for a family of logic-based languages}},
  number = {{ISO/IEC 24707:2007}},
  year = {{2007}},
  note = {{ISO/IEC 24707:2007}},
 }
@inproceedings{colore-fois,
  author = {Gruninger, Michael and Hahmann, Torsten and Hashemi, Ali and Ong, Darren},
  title = {Ontology Verification with Repositories},
  editor = {Antony Galton and Riichiro Mizoguchi},
  booktitle = {Formal Ontology in Information Systems, Proceedings of the Sixth International Conference (FOIS 2010)},
  venue = {Toronto, Canada},
  eventdate = {2010-05-11/2010-05-14},
  publisher = {IOS Press},
  series = {Frontiers in Artificial Intelligence and Applications},
  number = 209,
  year = 2010,
  pages = {317--330},
}

@TECHREPORT{McGvHa:owl04,
  title = {{OWL} Web Ontology Language Overview},
  institution = {World Wide Web Consortium ({W3C})},
  year = {2004},
  type = {{W3C} Recommendation},
  month = feb,
  date = {2004-02-10},
  author = {Deborah L. McGuinness and van Harmelen, Frank},
  url = {http://www.w3.org/TR/2004/REC-owl-features-20040210/}}

@unpublished{NH:CommonLogicHoratio,
  title = {Common Logic and the {Horatio} Problem},
  author = {Fabian Neuhaus and Pat Hayes},
  note = {accepted by Applied Ontology},
  year = 2011,
}

@TechReport{CommonLogicDefects:oldfashioned,
  crossref = {CommonLogicDefects:base},
  note = {\url{http://iso-commonlogic.org/docs/cl/24707-defect-report.pdf}},
}

@TechReport{CommonLogicDefects:biblatex,
  crossref = {CommonLogicDefects:base},
  url = {http://iso-commonlogic.org/docs/cl/24707-defect-report.pdf},
  date = {2008-02-03},
}

@TechReport{CommonLogicDefects:base,
  key = {CommonLogic Defect Report},
  title = {Current defect report for ISO/IEC 24707:2007},
  institution = {ISO/IEC},
  year = 2008,
}

@TechReport{CommonLogic:oldfashioned,
  crossref = {CommonLogic:base},
  note = {\url{http://iso-commonlogic.org}},
}

@TechReport{CommonLogic:biblatex,
  crossref = {CommonLogic:base},
  url = {http://iso-commonlogic.org},
}

@TechReport{CommonLogic:base,
  key = {CommonLogic},
  title = {Information technology --- {Common Logic (CL)}: a framework for a family of logic-based languages},
  institution = {ISO/IEC},
  number = {24707:2007},
  year = 2007,
}

@TechReport{w3c:owl2-overview,
  editor =   {{OWL Working Group}},
  title =    {{OWL} 2 Web Ontology Language: Document Overview},
  type = {{W3C} Recommendation},
  institution = {World Wide Web Consortium ({W3C})},
  url = {http://www.w3.org/TR/2009/REC-owl2-overview-20091027/},
  year =     2009,
  month = oct,
  date = {2009-10-27}}
  
@TechReport{w3c:owl2-rdf-based-semantics,
  author =   {Michael Schneider},
  title =    {{OWL} 2 Web Ontology Language: {RDF}-Based Semantics},
  type = {{W3C} Recommendation},
  institution = {World Wide Web Consortium ({W3C})},
  url = {http://www.w3.org/TR/2009/REC-owl2-rdf-based-semantics-20091027/},
  year =     2009,
  month = oct,
  date = {2009-10-27}}

@TechReport{w3c:owl2-direct-semantics,
  author =   {Boris Motik and Peter F. Patel-Schneider and Cuenca Grau, Bernardo},
  title =    {{OWL} 2 Web Ontology Language: Direct Semantics},
  type = {{W3C} Recommendation},
  institution = {World Wide Web Consortium ({W3C})},
  url = {http://www.w3.org/TR/2009/REC-owl2-direct-semantics-20091027/},
  year =     2009,
  month = oct,
  date = {2009-10-27}}

@TechReport{w3c:owl2-profiles,
  author =   {Boris Motik and Cuenca Grau, Bernardo and Ian Horrocks and Zhe Wu and Achille Fokoue and Carsten Lutz},
  title =    {{OWL} 2 Web Ontology Language: Profiles},
  type = {{W3C} Recommendation},
  institution = {World Wide Web Consortium ({W3C})},
  url = {http://www.w3.org/TR/2009/REC-owl2-profiles-20091027/},
  year =     2009,
  month = oct,
  date = {2009-10-27}}

@TechReport{w3c:owl2-manchester,
  author =   {Matthew Horridge and Peter F. Patel-Schneider},
  title =    {{OWL} 2 Web Ontology Language: Manchester Syntax},
  type = {{W3C} Candidate Recommendation},
  institution = {World Wide Web Consortium ({W3C})},
  url = {http://www.w3.org/TR/2009/NOTE-owl2-manchester-syntax-20091027/},
  year =     2009,
  month = 10,
  date = {2009-10-27}}
  
@TechReport{w3c:owl2-RDF-mapping,
  author =   {Peter F. Patel-Schneider and Boris Motik},
  title =    {{OWL} 2 Web Ontology Language: Mapping to {RDF} Graphs},
  type = {{W3C} Recommendation},
  institution = {World Wide Web Consortium ({W3C})},
  url = {http://www.w3.org/TR/2009/REC-owl2-mapping-to-rdf-20091027/},
  year =     2009,
  month = 10,
  date = {2009-10-27}}

@TechReport{w3c:owl2-xml,
  author =   {Boris Motik and Bijan Parsia and Peter F. Patel-Schneider},
  title =    {{OWL} 2 Web Ontology Language: {XML} Serialization},
  type = {{W3C} Recommendation},
  institution = {World Wide Web Consortium ({W3C})},
  url = {http://www.w3.org/TR/2009/REC-owl2-xml-serialization-20091027/},
  year =     2009,
  month = 10,
  date = {2009-10-27}}

@TECHREPORT{w3c04:rdf-xml,
  title = {{RDF/XML} Syntax Specification (Revised)},
  institution = {World Wide Web Consortium ({W3C})},
  year = {2004},
  type = {{W3C} Recommendation},
  month = feb,
  date = {2004-02-10},
  author = {Dave Beckett},
  url = {http://www.w3.org/TR/2004/REC-rdf-syntax-grammar-20040210/}}

@online{OWLAPI,crossref={OWLAPI:base},
  url = {http://owlapi.sourceforge.net},
  urldate = 	 {2010-01-05}}

@misc{OWLAPI:URL,crossref={OWLAPI:base},
  howpublished = {\url{http://owlapi.sourceforge.net}},
}

@misc{OWLAPI:base,
  title = {The {OWL} {API}},
}

@techreport{w3c:turtle,
  author = {David Beckett and Tim Berners-Lee},
  title = {Turtle -- Terse {RDF} Triple Language},
  year = 2008,
  month= jan,
  date = {2008-01-04},
  institution = {World Wide Web Consortium ({W3C})},
  type = {{W3C} Team Submission},
  url = {http://www.w3.org/TeamSubmission/2008/SUBM-turtle-20080114/}}